% For style examples, see e.g. https://verbosus.com/bibtex-style-examples.html                    or                    https://www.economics.utoronto.ca/osborne/latex/BIBTEX.HTM

@book
{
    Sakurai,
    AUTHOR = {Sakurai, J. J. and Napolitano, J.},
     TITLE = {Modern Quantum Mechanics},
 PUBLISHER = {Cambridge University Press},
      YEAR = {2017},
      EDITION = {2},
      ISBN = {978-1-108-42241-3 Hardback},
      ADDRESS = {Cambridge, United Kingdom}
}

@book
{
ESL,
series = {Springer Series in Statistics},
publisher = {Springer New York},
isbn = {9780387848570},
year = {2009},
title = {The Elements of Statistical Learning: Data Mining, Inference, and Prediction},
edition = {Second Edition},
language = {eng},
address = {New York, NY},
author = {Hastie, Trevor and Tibshirani, Robert and Friedman, Jerome},
keywords = {Computer Science ; Artificial Intelligence (Incl. Robotics) ; Data Mining and Knowledge Discovery ; Probability Theory and Stochastic Processes ; Statistical Theory and Methods ; Computational Biology/Bioinformatics ; Computer Appl. in Life Sciences ; Computer Science ; Mathematics},
}

@book{
Hands-onML,
publisher = {O'Reilly Media, Inc},
isbn = {9781491962299},
year = {2017},
title = {Hands-On Machine Learning with Scikit-Learn and TensorFlow},
edition = {1},
language = {eng},
author = {Géron, Aurélien},
keywords = {Tensorflow ; Programming ; Computer Science},
}